@book {book:ia,
title = {Inteligencia artificial: modelos, técnicas y áreas de aplicación},
author = {Alfonso Galipienso, Maria Isabel and Cazorla Quevedo, Miguel Angel and Colomina Pardo, Otto and Escolano Ruiz, Francisco and Lozano Ortega, Miguel Angel},
publisher = {Editorial Paraninfo},
year = {2003},
}
@misc{ wiki:aturing,
       author = "Wikipedia",
       title = "Alan Turing",
       year = "2015",
       url = "https://es.wikipedia.org/w/index.php?title=Alan_Turing&oldid=84763172",
       note = "[Internet; descargado agosto-2015]"
}
@misc{ wiki:turingtest,
       author = "Wikipedia",
       title = "Test de turing",
       year = "2010",
       url = "https://es.wikipedia.org/w/index.php?title=Test_de_turing&oldid=34547902",
       note = "[Internet; descargado agosto-2015]"
}
@misc{ wiki:googlecar,
       author = "Wikipedia",
       title = "Automóvil sin conductor de Google",
       year = "2015",
       url = "https://es.wikipedia.org/w/index.php?title=Autom%C3%B3vil_sin_conductor_de_Google&oldid=84384711",
       note = "[Internet; descargado agosto-2015]"
}

@misc{ web:iablog,
       author = "{World Economic Forum}",
       title = "Tecnologías emergentes 20152",
       year = "2015",
       url = "https://agenda.weforum.org/espanol/2015/03/04/tecnologia-emergente-2015-inteligencia-artificial-emergente/",
       note = "[Internet; descargado agosto-2015]"
}
